
%--------------------BEGIN ACTUAL CITATIONS DOWN BELOW HERE --------------------
%% An online resource (BibLaTeX only)
@online{hkFuel,
  author       = "The Government of Hong Kong",
  title        = "Envionmental Impact Assessment Ordinance",
  year         = 2003,
  url          = {https://www.epd.gov.hk/eia/register/report/eiareport/eia_1272006/EIA_Report/html/Sect11-FuelSpill-e.htm},
  urldate      = "", %need this
}
@online{fuelSpecs,
  author       = "Shell PLC",
  organization = "Shell Global",
  title        = "Civil Jet Fuel",
  subtitle     = "Grades and Specifications",
  year         = 2022,
  url          = {https://www.shell.com/business-customers/aviation/aviation-fuel/civil-jet-fuel-grades.html},
  urldate      = "", %need this
}
@online{fuelPrice,
  author       = "",
  title        = "Jet Fuel Price Monitor",
  organization = "International Air Transport Association (IATA)",
  year         = 2022,
  url          = {https://www.iata.org/en/publications/economics/fuel-monitor/},
  urldate      = "", %need this
}
   
